@Phdthesis{Hohmann1994,
  Author =       {A. Hohmann},
  Title =        {Inexact Gauss Newton Methods for Parameter Dependent Nonlinear Problems},
  School =       {Freie Universit\"{a}t Berlin},
  Year =         {1994},
  address={Berlin Heidelberg},
  type =         {PhDthesis},
}

@book{test2004,
    author={Allen Test},
    title={{Newton Methods for Nonlinear Problems: Affine Invariance and Adaptive Algorithms}},
    publisher={Springer-Verlag},
    address={Address is necessary for BOOK},
    year={2004},
    }

@article{WangHan1990,
    author={Xinghua Wang and Danfu Han},
    title={{On the Dominating Sequence Method in the Point Estimates and Smale's Theorem}},
    journal={Scientia Sinica Ser. A.},
    volume={33},
    number={},
    pages={135{\textendash}144},
    year={1990},
    }

@article{Melman1997,
    author={A. Melman},
    title={{Geometry and Convergence of Euler's and Halley's Methods}},
    journal={SIAM Rev.},
    volume={39},
    number={},
    pages={728{\textendash}735},
    year={1997},
    }

@article{Weiser2005,
    author={Martin Weiser and Anton Schiela and Peter Deuflhard},
    title={{Asymptotic Mesh Independence of Newton's Method Revisited}},
    journal={SIAM J. Numer. Anal.},
    volume={42},
    number={5},
    pages={1830{\textendash}1845},
    year={2005},
    }

@article{Proinov2009a,
    author={P. D. Proinov},
    title={{General Local Convergence Theory for a Class of Iterative Processes
        and Its Applications to Newton's Method}},
    journal={J. Complexity},
    volume={25},
    number={1},
    pages={38{\textendash}62},
    year={2009},
    }

@book{Deuflhard2004,
    author={Peter Deuflhard},
    title={{Newton Methods for Nonlinear Problems: Affine Invariance and Adaptive Algorithms}},
    publisher={Springer-Verlag},
    address={Berlin Heidelberg},
    year={2004},
    }

@Conference{Smale1986,
  author =       {S. Smale},
  title =        {{Newton's Method Estimates from Data at One Point}},
  booktitle =    {The Merging of Disciplines: New Directions in Pure, Applied and Computational Mathematics},
  year =         {1986},
  pages  =       {185{\textendash}196},
  publisher =    {Spring-Verlag, New York},
  address = {aAAAAAA},
}

@article{WangHan2000,
    author={Xinghua Wang and Danfu Han},
    title={{On the Dominating Sequence Method in the Point Estimates and Smale's Theorem}},
    journal={Scientia Sinica Ser. A.},
    volume={33},
    number={},
    pages={135{\textendash}144},
    year={2000},
    }

@article{WangHan2001,
    author={Xinghua Wang and Danfu Han},
    title={{On the Dominating Sequence Method in the Point Estimates and Smale's Theorem}},
    journal={Scientia Sinica Ser. A.},
    volume={33},
    number={},
    pages={135{\textendash}144},
    year={2001},
    }

@article{WangHan2002,
    author={Xinghua Wang and Danfu Han},
    title={{On the Dominating Sequence Method in the Point Estimates and Smale's Theorem}},
    journal={Scientia Sinica Ser. A.},
    volume={33},
    number={},
    pages={135{\textendash}144},
    year={2002},
    }

@article{WangHan2003,
    author={Xinghua Wang and Danfu Han},
    title={{On the Dominating Sequence Method in the Point Estimates and Smale's Theorem}},
    journal={Scientia Sinica Ser. A.},
    volume={33},
    number={},
    pages={135{\textendash}144},
    year={2003},
    }

@article{WangHan2004,
    author={Xinghua Wang and Danfu Han},
    title={{On the Dominating Sequence Method in the Point Estimates and Smale's Theorem}},
    journal={Scientia Sinica Ser. A.},
    volume={33},
    number={},
    pages={135{\textendash}144},
    year={2004},
    }

@article{WangHan2005,
    author={Xinghua Wang and Danfu Han},
    title={{On the Dominating Sequence Method in the Point Estimates and Smale's Theorem}},
    journal={Scientia Sinica Ser. A.},
    volume={33},
    number={},
    pages={135{\textendash}144},
    year={2005},
    }

@article{WangHan2006,
    author={Xinghua Wang and Danfu Han},
    title={{On the Dominating Sequence Method in the Point Estimates and Smale's Theorem}},
    journal={Scientia Sinica Ser. A.},
    volume={33},
    number={},
    pages={135{\textendash}144},
    year={2006},
    }

@article{WangHan2007,
    author={Xinghua Wang and Danfu Han},
    title={{On the Dominating Sequence Method in the Point Estimates and Smale's Theorem}},
    journal={Scientia Sinica Ser. A.},
    volume={33},
    number={},
    pages={135{\textendash}144},
    year={2007},
    }

@article{WangHan2008,
    author={Xinghua Wang and Danfu Han},
    title={{On the Dominating Sequence Method in the Point Estimates and Smale's Theorem}},
    journal={Scientia Sinica Ser. A.},
    volume={33},
    number={},
    pages={135{\textendash}144},
    year={2008},
    }

@article{WangHan2009,
    author={Xinghua Wang and Danfu Han},
    title={{On the Dominating Sequence Method in the Point Estimates and Smale's Theorem}},
    journal={Scientia Sinica Ser. A.},
    volume={33},
    number={},
    pages={135{\textendash}144},
    year={2009},
    }

@article{WangHan2010,
    author={Xinghua Wang and Danfu Han},
    title={{On the Dominating Sequence Method in the Point Estimates and Smale's Theorem}},
    journal={Scientia Sinica Ser. A.},
    volume={33},
    number={},
    pages={135{\textendash}144},
    year={2010},
    }

@article{WangHan2011,
    author={Xinghua Wang and Danfu Han},
    title={{On the Dominating Sequence Method in the Point Estimates and Smale's Theorem}},
    journal={Scientia Sinica Ser. A.},
    volume={33},
    number={},
    pages={135{\textendash}144},
    year={2011},
    }

@article{WangHan2012,
    author={Xinghua Wang and Danfu Han},
    title={{On the Dominating Sequence Method in the Point Estimates and Smale's Theorem}},
    journal={Scientia Sinica Ser. A.},
    volume={33},
    number={},
    pages={135{\textendash}144},
    year={2012},
    }

@article{WangHan2013,
    author={Xinghua Wang and Danfu Han},
    title={{On the Dominating Sequence Method in the Point Estimates and Smale's Theorem}},
    journal={Scientia Sinica Ser. A.},
    volume={33},
    number={},
    pages={135{\textendash}144},
    year={2013},
    }

@article{WangHan2014,
    author={Xinghua Wang and Danfu Han},
    title={{On the Dominating Sequence Method in the Point Estimates and Smale's Theorem}},
    journal={Scientia Sinica Ser. A.},
    volume={33},
    number={},
    pages={135{\textendash}144},
    year={2014},
    }

@article{WangHan2015,
    author={Xinghua Wang and Danfu Han},
    title={{On the Dominating Sequence Method in the Point Estimates and Smale's Theorem}},
    journal={Scientia Sinica Ser. A.},
    volume={33},
    number={},
    pages={135{\textendash}144},
    year={2015},
    }

@article{WangHan2016,
    author={Xinghua Wang and Danfu Han},
    title={{On the Dominating Sequence Method in the Point Estimates and Smale's Theorem}},
    journal={Scientia Sinica Ser. A.},
    volume={33},
    number={},
    pages={135{\textendash}144},
    year={2016},
    }

@article{WangHan2017,
    author={Xinghua Wang and Danfu Han},
    title={{On the Dominating Sequence Method in the Point Estimates and Smale's Theorem}},
    journal={Scientia Sinica Ser. A.},
    volume={33},
    number={},
    pages={135{\textendash}144},
    year={2017},
    }

@article{WangHan2018,
    author={Xinghua Wang and Danfu Han},
    title={{On the Dominating Sequence Method in the Point Estimates and Smale's Theorem}},
    journal={Scientia Sinica Ser. A.},
    volume={33},
    number={},
    pages={135{\textendash}144},
    year={2018},
    }

@article{WangHan2019,
    author={Xinghua Wang and Danfu Han},
    title={{On the Dominating Sequence Method in the Point Estimates and Smale's Theorem}},
    journal={Scientia Sinica Ser. A.},
    volume={33},
    number={},
    pages={135{\textendash}144},
    year={2019},
    }

@article{WangHan2020,
    author={Xinghua Wang and Danfu Han},
    title={{On the Dominating Sequence Method in the Point Estimates and Smale's Theorem}},
    journal={Scientia Sinica Ser. A.},
    volume={33},
    number={},
    pages={135{\textendash}144},
    year={2020},
    }

@article{WangHan2021,
    author={Xinghua Wang and Danfu Han},
    title={{On the Dominating Sequence Method in the Point Estimates and Smale's Theorem}},
    journal={Scientia Sinica Ser. A.},
    volume={33},
    number={},
    pages={135{\textendash}144},
    year={2021},
    }

